<?xml version="1.0" encoding="UTF-8"?><collection xmlns="http://www.loc.gov/MARC21/slim"><record><leader>00335nam--2200121-i-4500</leader><controlfield tag="001">000037750</controlfield><controlfield tag="002">20161230</controlfield><controlfield tag="005">20161230201041</controlfield><controlfield tag="008">060222s1000------------r-----000-0-eng-d</controlfield><datafield ind1=" " ind2=" " tag="100"><subfield code="a">Quinet, J</subfield></datafield><datafield ind1=" " ind2=" " tag="245"><subfield code="a">Cours elementaire de mathematique superieures. tome 4: suite du calcul integral et appl</subfield></datafield><datafield ind1=" " ind2=" " tag="260"><subfield code="a">Paris, Dund, 1959</subfield></datafield><datafield ind1=" " ind2=" " tag="852"><subfield code="a">14497</subfield></datafield></record></collection>